<?xml version="1.0" encoding="UTF-8"?>
  <record xmlns="http://www.loc.gov/MARC21/slim" type="Authority">
    <leader>00000nz  a2200000nc 4500</leader>
    <controlfield tag="001">118530887</controlfield>
    <controlfield tag="003">DE-101</controlfield>
    <controlfield tag="005">20220309170635.0</controlfield>
    <controlfield tag="008">880701n||azznnaabn           | aaa    |c</controlfield>
    <datafield tag="024" ind1="7" ind2=" ">
      <subfield code="a">118530887</subfield>
      <subfield code="0">http://d-nb.info/gnd/118530887</subfield>
      <subfield code="2">gnd</subfield>
    </datafield>
    <datafield tag="035" ind1=" " ind2=" ">
      <subfield code="a">(DE-101)118530887</subfield>
    </datafield>
    <datafield tag="035" ind1=" " ind2=" ">
      <subfield code="a">(DE-588)118530887</subfield>
    </datafield>
    <datafield tag="035" ind1=" " ind2=" ">
      <subfield code="z">(DE-588a)118530887</subfield>
      <subfield code="9">v:zg</subfield>
    </datafield>
    <datafield tag="035" ind1=" " ind2=" ">
      <subfield code="z">(DE-588c)4015345-9</subfield>
      <subfield code="9">v:zg</subfield>
    </datafield>
    <datafield tag="040" ind1=" " ind2=" ">
      <subfield code="a">DE-101</subfield>
      <subfield code="c">DE-101</subfield>
      <subfield code="9">r:DE-101</subfield>
      <subfield code="b">ger</subfield>
      <subfield code="d">9999</subfield>
    </datafield>
    <datafield tag="042" ind1=" " ind2=" ">
      <subfield code="a">gnd1</subfield>
    </datafield>
    <datafield tag="043" ind1=" " ind2=" ">
      <subfield code="c">XA-DE</subfield>
    </datafield>
    <datafield tag="065" ind1=" " ind2=" ">
      <subfield code="a">16.5p</subfield>
      <subfield code="2">sswd</subfield>
    </datafield>
    <datafield tag="075" ind1=" " ind2=" ">
      <subfield code="b">p</subfield>
      <subfield code="2">gndgen</subfield>
    </datafield>
    <datafield tag="075" ind1=" " ind2=" ">
      <subfield code="b">piz</subfield>
      <subfield code="2">gndspec</subfield>
    </datafield>
    <datafield tag="079" ind1=" " ind2=" ">
      <subfield code="a">g</subfield>
      <subfield code="q">s</subfield>
      <subfield code="q">a</subfield>
      <subfield code="q">f</subfield>
      <subfield code="q">z</subfield>
      <subfield code="q">d</subfield>
      <subfield code="u">w</subfield>
      <subfield code="u">k</subfield>
      <subfield code="u">v</subfield>
      <subfield code="u">o</subfield>
    </datafield>
    <datafield tag="100" ind1="0" ind2=" ">
      <subfield code="a">Ernst</subfield>
      <subfield code="b">I.</subfield>
      <subfield code="c">Sachsen-Gotha-Altenburg, Herzog</subfield>
      <subfield code="d">1601-1675</subfield>
    </datafield>
    <datafield tag="375" ind1=" " ind2=" ">
      <subfield code="a">1</subfield>
      <subfield code="2">iso5218</subfield>
    </datafield>
    <datafield tag="400" ind1="0" ind2=" ">
      <subfield code="a">Ernst</subfield>
      <subfield code="c">der Fromme</subfield>
      <subfield code="d">1601-1675</subfield>
    </datafield>
    <datafield tag="400" ind1="0" ind2=" ">
      <subfield code="a">Ernst</subfield>
      <subfield code="b">I.</subfield>
      <subfield code="c">der Fromme</subfield>
      <subfield code="d">1601-1675</subfield>
    </datafield>
    <datafield tag="400" ind1="0" ind2=" ">
      <subfield code="a">Ernestus</subfield>
      <subfield code="c">Pius</subfield>
      <subfield code="d">1601-1675</subfield>
    </datafield>
    <datafield tag="400" ind1="0" ind2=" ">
      <subfield code="a">Ernesto</subfield>
      <subfield code="c">il Pio</subfield>
      <subfield code="d">1601-1675</subfield>
    </datafield>
    <datafield tag="400" ind1="0" ind2=" ">
      <subfield code="a">Ernst</subfield>
      <subfield code="c">Sachsen-Jülich-Cleve, Herzog</subfield>
      <subfield code="d">1601-1675</subfield>
    </datafield>
    <datafield tag="400" ind1="0" ind2=" ">
      <subfield code="a">Ernst</subfield>
      <subfield code="c">Sachsen-Jülich-Cleve-Berg, Herzog</subfield>
      <subfield code="d">1601-1675</subfield>
    </datafield>
    <datafield tag="400" ind1="0" ind2=" ">
      <subfield code="a">Ernst</subfield>
      <subfield code="b">III.</subfield>
      <subfield code="c">Sachsen, Herzog</subfield>
      <subfield code="d">1601-1675</subfield>
    </datafield>
    <datafield tag="400" ind1="0" ind2=" ">
      <subfield code="a">Ernst</subfield>
      <subfield code="b">III.</subfield>
      <subfield code="c">Sachsen-Jülich-Cleve, Herzog</subfield>
      <subfield code="d">1601-1675</subfield>
    </datafield>
    <datafield tag="400" ind1="0" ind2=" ">
      <subfield code="a">Ernst</subfield>
      <subfield code="b">I.</subfield>
      <subfield code="c">Sachsen-Gotha, Herzog</subfield>
      <subfield code="d">1601-1675</subfield>
    </datafield>
    <datafield tag="400" ind1="0" ind2=" ">
      <subfield code="a">Ernestus</subfield>
      <subfield code="b">I.</subfield>
      <subfield code="c">Saxonia, Dux</subfield>
      <subfield code="d">1601-1675</subfield>
    </datafield>
    <datafield tag="400" ind1="0" ind2=" ">
      <subfield code="a">Ernst</subfield>
      <subfield code="c">Sachsen-Weimar, Herzog</subfield>
      <subfield code="d">1601-1675</subfield>
    </datafield>
    <datafield tag="400" ind1="0" ind2=" ">
      <subfield code="a">Ernst</subfield>
      <subfield code="b">I.</subfield>
      <subfield code="c">Herzog</subfield>
      <subfield code="d">1601-1675</subfield>
    </datafield>
    <datafield tag="400" ind1="0" ind2=" ">
      <subfield code="a">Ernst</subfield>
      <subfield code="c">Herzog</subfield>
      <subfield code="d">1601-1675</subfield>
    </datafield>
    <datafield tag="400" ind1="0" ind2=" ">
      <subfield code="a">Ernst</subfield>
      <subfield code="c">Sachsen, Herzog</subfield>
      <subfield code="d">1601-1675</subfield>
    </datafield>
    <datafield tag="400" ind1="0" ind2=" ">
      <subfield code="a">Ernst</subfield>
      <subfield code="c">Saxe-Gotha-Altenburg, Duke, I</subfield>
      <subfield code="d">1601-1675</subfield>
      <subfield code="9">v:NUC pre 56</subfield>
    </datafield>
    <datafield tag="400" ind1="0" ind2=" ">
      <subfield code="a">Ernst</subfield>
      <subfield code="c">Sachsen-Gotha-Altenburg, Herzog, I.</subfield>
      <subfield code="d">1601-1675</subfield>
    </datafield>
    <datafield tag="400" ind1="0" ind2=" ">
      <subfield code="a">Ernst</subfield>
      <subfield code="b">I</subfield>
      <subfield code="c">Herzog von Sachsen-Gotha</subfield>
      <subfield code="d">1601-1675</subfield>
    </datafield>
    <datafield tag="400" ind1="0" ind2=" ">
      <subfield code="a">Ernst</subfield>
      <subfield code="b">I</subfield>
      <subfield code="c">Herzog von Sachsen-Gotha-Altenburg</subfield>
      <subfield code="d">1601-1675</subfield>
    </datafield>
    <datafield tag="400" ind1="0" ind2=" ">
      <subfield code="a">Ernestus Pius</subfield>
      <subfield code="c">Herzog von Sachsen-Gotha-Altenburg</subfield>
      <subfield code="d">1601-1675</subfield>
    </datafield>
    <datafield tag="400" ind1="0" ind2=" ">
      <subfield code="a">Ernst</subfield>
      <subfield code="c">Sachsen-Gotha, Herzog, I.</subfield>
      <subfield code="d">1601-1675</subfield>
    </datafield>
    <datafield tag="400" ind1="0" ind2=" ">
      <subfield code="a">Ernst</subfield>
      <subfield code="c">der Fromme</subfield>
      <subfield code="d">1601-1675</subfield>
      <subfield code="5">DE-18</subfield>
    </datafield>
    <datafield tag="500" ind1="0" ind2=" ">
      <subfield code="0">(DE-101)104176679</subfield>
      <subfield code="0">(DE-588)104176679</subfield>
      <subfield code="0">https://d-nb.info/gnd/104176679</subfield>
      <subfield code="a">Johann</subfield>
      <subfield code="c">Sachsen-Weimar, Herzog, 1570-1605</subfield>
      <subfield code="d">1570-1605</subfield>
      <subfield code="4">bezf</subfield>
      <subfield code="4">https://d-nb.info/standards/elementset/gnd#familialRelationship</subfield>
      <subfield code="w">r</subfield>
      <subfield code="i">Beziehung familiaer</subfield>
      <subfield code="e">Beziehung familiaer</subfield>
      <subfield code="9">v:Vater</subfield>
    </datafield>
    <datafield tag="500" ind1="0" ind2=" ">
      <subfield code="0">(DE-101)115789618</subfield>
      <subfield code="0">(DE-588)115789618</subfield>
      <subfield code="0">https://d-nb.info/gnd/115789618</subfield>
      <subfield code="a">Dorothea Maria</subfield>
      <subfield code="c">Sachsen-Weimar, Herzogin</subfield>
      <subfield code="d">1574-1617</subfield>
      <subfield code="4">bezf</subfield>
      <subfield code="4">https://d-nb.info/standards/elementset/gnd#familialRelationship</subfield>
      <subfield code="w">r</subfield>
      <subfield code="i">Beziehung familiaer</subfield>
      <subfield code="e">Beziehung familiaer</subfield>
      <subfield code="9">v:Mutter</subfield>
    </datafield>
    <datafield tag="500" ind1="0" ind2=" ">
      <subfield code="0">(DE-101)120826038</subfield>
      <subfield code="0">(DE-588)120826038</subfield>
      <subfield code="0">https://d-nb.info/gnd/120826038</subfield>
      <subfield code="a">Elisabeth Sophia</subfield>
      <subfield code="c">Sachsen-Gotha-Altenburg, Herzogin</subfield>
      <subfield code="d">1619-1680</subfield>
      <subfield code="4">bezf</subfield>
      <subfield code="4">https://d-nb.info/standards/elementset/gnd#familialRelationship</subfield>
      <subfield code="w">r</subfield>
      <subfield code="i">Beziehung familiaer</subfield>
      <subfield code="e">Beziehung familiaer</subfield>
      <subfield code="9">v:Ehefrau</subfield>
    </datafield>
    <datafield tag="500" ind1="0" ind2=" ">
      <subfield code="0">(DE-101)10210915X</subfield>
      <subfield code="0">(DE-588)10210915X</subfield>
      <subfield code="0">https://d-nb.info/gnd/10210915X</subfield>
      <subfield code="a">Friedrich</subfield>
      <subfield code="b">I.</subfield>
      <subfield code="c">Sachsen-Gotha-Altenburg, Herzog</subfield>
      <subfield code="d">1646-1691</subfield>
      <subfield code="4">bezf</subfield>
      <subfield code="4">https://d-nb.info/standards/elementset/gnd#familialRelationship</subfield>
      <subfield code="w">r</subfield>
      <subfield code="i">Beziehung familiaer</subfield>
      <subfield code="e">Beziehung familiaer</subfield>
      <subfield code="9">v:Sohn</subfield>
    </datafield>
    <datafield tag="500" ind1="0" ind2=" ">
      <subfield code="0">(DE-101)117760846</subfield>
      <subfield code="0">(DE-588)117760846</subfield>
      <subfield code="0">https://d-nb.info/gnd/117760846</subfield>
      <subfield code="a">Albrecht</subfield>
      <subfield code="c">Sachsen-Coburg, Herzog</subfield>
      <subfield code="d">1648-1699</subfield>
      <subfield code="4">bezf</subfield>
      <subfield code="4">https://d-nb.info/standards/elementset/gnd#familialRelationship</subfield>
      <subfield code="w">r</subfield>
      <subfield code="i">Beziehung familiaer</subfield>
      <subfield code="e">Beziehung familiaer</subfield>
      <subfield code="9">v:Sohn</subfield>
    </datafield>
    <datafield tag="500" ind1="0" ind2=" ">
      <subfield code="0">(DE-101)119549999</subfield>
      <subfield code="0">(DE-588)119549999</subfield>
      <subfield code="0">https://d-nb.info/gnd/119549999</subfield>
      <subfield code="a">Bernhard</subfield>
      <subfield code="b">I.</subfield>
      <subfield code="c">Sachsen-Meiningen, Herzog</subfield>
      <subfield code="d">1649-1706</subfield>
      <subfield code="4">bezf</subfield>
      <subfield code="4">https://d-nb.info/standards/elementset/gnd#familialRelationship</subfield>
      <subfield code="w">r</subfield>
      <subfield code="i">Beziehung familiaer</subfield>
      <subfield code="e">Beziehung familiaer</subfield>
      <subfield code="9">v:Sohn</subfield>
    </datafield>
    <datafield tag="500" ind1="0" ind2=" ">
      <subfield code="0">(DE-101)120063239</subfield>
      <subfield code="0">(DE-588)120063239</subfield>
      <subfield code="0">https://d-nb.info/gnd/120063239</subfield>
      <subfield code="a">Heinrich</subfield>
      <subfield code="c">Sachsen-Römhild, Herzog</subfield>
      <subfield code="d">1650-1710</subfield>
      <subfield code="4">bezf</subfield>
      <subfield code="4">https://d-nb.info/standards/elementset/gnd#familialRelationship</subfield>
      <subfield code="w">r</subfield>
      <subfield code="i">Beziehung familiaer</subfield>
      <subfield code="e">Beziehung familiaer</subfield>
      <subfield code="9">v:Sohn</subfield>
    </datafield>
    <datafield tag="500" ind1="0" ind2=" ">
      <subfield code="0">(DE-101)119052520</subfield>
      <subfield code="0">(DE-588)119052520</subfield>
      <subfield code="0">https://d-nb.info/gnd/119052520</subfield>
      <subfield code="a">Christian</subfield>
      <subfield code="c">Sachsen-Eisenberg, Herzog</subfield>
      <subfield code="d">1653-1707</subfield>
      <subfield code="4">bezf</subfield>
      <subfield code="4">https://d-nb.info/standards/elementset/gnd#familialRelationship</subfield>
      <subfield code="w">r</subfield>
      <subfield code="i">Beziehung familiaer</subfield>
      <subfield code="e">Beziehung familiaer</subfield>
      <subfield code="9">v:Sohn</subfield>
    </datafield>
    <datafield tag="500" ind1="0" ind2=" ">
      <subfield code="0">(DE-101)102764492</subfield>
      <subfield code="0">(DE-588)102764492</subfield>
      <subfield code="0">https://d-nb.info/gnd/102764492</subfield>
      <subfield code="a">Ernst</subfield>
      <subfield code="c">Sachsen-Hildburghausen, Herzog</subfield>
      <subfield code="d">1655-1715</subfield>
      <subfield code="4">bezf</subfield>
      <subfield code="4">https://d-nb.info/standards/elementset/gnd#familialRelationship</subfield>
      <subfield code="w">r</subfield>
      <subfield code="i">Beziehung familiaer</subfield>
      <subfield code="e">Beziehung familiaer</subfield>
      <subfield code="9">v:Sohn</subfield>
    </datafield>
    <datafield tag="500" ind1="0" ind2=" ">
      <subfield code="0">(DE-101)122685806</subfield>
      <subfield code="0">(DE-588)122685806</subfield>
      <subfield code="0">https://d-nb.info/gnd/122685806</subfield>
      <subfield code="a">Johann Ernst</subfield>
      <subfield code="c">Sachsen-Coburg-Saalfeld, Herzog</subfield>
      <subfield code="d">1658-1729</subfield>
      <subfield code="4">bezf</subfield>
      <subfield code="4">https://d-nb.info/standards/elementset/gnd#familialRelationship</subfield>
      <subfield code="w">r</subfield>
      <subfield code="i">Beziehung familiaer</subfield>
      <subfield code="e">Beziehung familiaer</subfield>
      <subfield code="9">v:Sohn</subfield>
    </datafield>
    <datafield tag="500" ind1="0" ind2=" ">
      <subfield code="0">(DE-101)104177608</subfield>
      <subfield code="0">(DE-588)104177608</subfield>
      <subfield code="0">https://d-nb.info/gnd/104177608</subfield>
      <subfield code="a">Johann Philipp</subfield>
      <subfield code="b">II.</subfield>
      <subfield code="c">Sachsen-Gotha, Prinz</subfield>
      <subfield code="d">1661-1662</subfield>
      <subfield code="4">bezf</subfield>
      <subfield code="4">https://d-nb.info/standards/elementset/gnd#familialRelationship</subfield>
      <subfield code="w">r</subfield>
      <subfield code="i">Beziehung familiaer</subfield>
      <subfield code="e">Beziehung familiaer</subfield>
      <subfield code="9">v:Sohn</subfield>
    </datafield>
    <datafield tag="500" ind1="0" ind2=" ">
      <subfield code="0">(DE-101)121058700</subfield>
      <subfield code="0">(DE-588)121058700</subfield>
      <subfield code="0">https://d-nb.info/gnd/121058700</subfield>
      <subfield code="a">Johann Ernst</subfield>
      <subfield code="c">Sachsen-Weimar, Prinz</subfield>
      <subfield code="d">1638-1638</subfield>
      <subfield code="4">bezf</subfield>
      <subfield code="4">https://d-nb.info/standards/elementset/gnd#familialRelationship</subfield>
      <subfield code="w">r</subfield>
      <subfield code="i">Beziehung familiaer</subfield>
      <subfield code="e">Beziehung familiaer</subfield>
      <subfield code="9">v:Sohn</subfield>
    </datafield>
    <datafield tag="500" ind1="0" ind2=" ">
      <subfield code="0">(DE-101)128491582</subfield>
      <subfield code="0">(DE-588)128491582</subfield>
      <subfield code="0">https://d-nb.info/gnd/128491582</subfield>
      <subfield code="a">Johann Ernst</subfield>
      <subfield code="c">Sachsen-Gotha, Prinz</subfield>
      <subfield code="d">1641-1657</subfield>
      <subfield code="4">bezf</subfield>
      <subfield code="4">https://d-nb.info/standards/elementset/gnd#familialRelationship</subfield>
      <subfield code="w">r</subfield>
      <subfield code="i">Beziehung familiaer</subfield>
      <subfield code="e">Beziehung familiaer</subfield>
      <subfield code="9">v:Sohn</subfield>
    </datafield>
    <datafield tag="500" ind1="0" ind2=" ">
      <subfield code="0">(DE-101)123432715</subfield>
      <subfield code="0">(DE-588)123432715</subfield>
      <subfield code="0">https://d-nb.info/gnd/123432715</subfield>
      <subfield code="a">Christian</subfield>
      <subfield code="c">Sachsen-Gotha, Prinz</subfield>
      <subfield code="d">1642-1642</subfield>
      <subfield code="4">bezf</subfield>
      <subfield code="4">https://d-nb.info/standards/elementset/gnd#familialRelationship</subfield>
      <subfield code="w">r</subfield>
      <subfield code="i">Beziehung familiaer</subfield>
      <subfield code="e">Beziehung familiaer</subfield>
      <subfield code="9">v:Sohn</subfield>
    </datafield>
    <datafield tag="500" ind1="0" ind2=" ">
      <subfield code="0">(DE-101)101508298</subfield>
      <subfield code="0">(DE-588)101508298</subfield>
      <subfield code="0">https://d-nb.info/gnd/101508298</subfield>
      <subfield code="a">Elisabeth Dorothea</subfield>
      <subfield code="c">Hessen-Darmstadt, Landgräfin</subfield>
      <subfield code="d">1640-1709</subfield>
      <subfield code="4">bezf</subfield>
      <subfield code="4">https://d-nb.info/standards/elementset/gnd#familialRelationship</subfield>
      <subfield code="w">r</subfield>
      <subfield code="i">Beziehung familiaer</subfield>
      <subfield code="e">Beziehung familiaer</subfield>
      <subfield code="9">v:Tochter</subfield>
    </datafield>
    <datafield tag="500" ind1="0" ind2=" ">
      <subfield code="0">(DE-101)1021363235</subfield>
      <subfield code="0">(DE-588)1021363235</subfield>
      <subfield code="0">https://d-nb.info/gnd/1021363235</subfield>
      <subfield code="a">Dorothea Marie</subfield>
      <subfield code="c">Sachsen-Gotha-Altenburg, Prinzessin</subfield>
      <subfield code="d">1654-1682</subfield>
      <subfield code="4">bezf</subfield>
      <subfield code="4">https://d-nb.info/standards/elementset/gnd#familialRelationship</subfield>
      <subfield code="w">r</subfield>
      <subfield code="i">Beziehung familiaer</subfield>
      <subfield code="e">Beziehung familiaer</subfield>
      <subfield code="9">v:Tochter</subfield>
    </datafield>
    <datafield tag="500" ind1="0" ind2=" ">
      <subfield code="0">(DE-101)124694071</subfield>
      <subfield code="0">(DE-588)124694071</subfield>
      <subfield code="0">https://d-nb.info/gnd/124694071</subfield>
      <subfield code="a">Johanna</subfield>
      <subfield code="c">Sachsen-Gotha, Prinzessin</subfield>
      <subfield code="d">1645-1657</subfield>
      <subfield code="4">bezf</subfield>
      <subfield code="4">https://d-nb.info/standards/elementset/gnd#familialRelationship</subfield>
      <subfield code="w">r</subfield>
      <subfield code="i">Beziehung familiaer</subfield>
      <subfield code="e">Beziehung familiaer</subfield>
      <subfield code="9">v:Tochter</subfield>
    </datafield>
    <datafield tag="500" ind1="0" ind2=" ">
      <subfield code="0">(DE-101)1015193536</subfield>
      <subfield code="0">(DE-588)1015193536</subfield>
      <subfield code="0">https://d-nb.info/gnd/1015193536</subfield>
      <subfield code="a">Johanna Elisabeth</subfield>
      <subfield code="c">Sachsen-Gotha, Prinzessin</subfield>
      <subfield code="d">1660-1660</subfield>
      <subfield code="4">bezf</subfield>
      <subfield code="4">https://d-nb.info/standards/elementset/gnd#familialRelationship</subfield>
      <subfield code="w">r</subfield>
      <subfield code="i">Beziehung familiaer</subfield>
      <subfield code="e">Beziehung familiaer</subfield>
      <subfield code="9">v:Tochter</subfield>
    </datafield>
    <datafield tag="500" ind1="0" ind2=" ">
      <subfield code="0">(DE-101)104321121</subfield>
      <subfield code="0">(DE-588)104321121</subfield>
      <subfield code="0">https://d-nb.info/gnd/104321121</subfield>
      <subfield code="a">Sophie</subfield>
      <subfield code="c">Sachsen-Gotha, Prinzessin</subfield>
      <subfield code="d">1643-1657</subfield>
      <subfield code="4">bezf</subfield>
      <subfield code="4">https://d-nb.info/standards/elementset/gnd#familialRelationship</subfield>
      <subfield code="w">r</subfield>
      <subfield code="i">Beziehung familiaer</subfield>
      <subfield code="e">Beziehung familiaer</subfield>
      <subfield code="9">v:Tochter</subfield>
    </datafield>
    <datafield tag="548" ind1=" " ind2=" ">
      <subfield code="a">1601-1675</subfield>
      <subfield code="4">datl</subfield>
      <subfield code="4">https://d-nb.info/standards/elementset/gnd#dateOfBirthAndDeath</subfield>
      <subfield code="w">r</subfield>
      <subfield code="i">Lebensdaten</subfield>
    </datafield>
    <datafield tag="548" ind1=" " ind2=" ">
      <subfield code="a">25.12.1601-26.03.1675</subfield>
      <subfield code="4">datx</subfield>
      <subfield code="4">https://d-nb.info/standards/elementset/gnd#dateOfBirthAndDeath</subfield>
      <subfield code="w">r</subfield>
      <subfield code="i">Exakte Lebensdaten</subfield>
    </datafield>
    <datafield tag="550" ind1=" " ind2=" ">
      <subfield code="0">(DE-101)041596765</subfield>
      <subfield code="0">(DE-588)4159676-6</subfield>
      <subfield code="0">https://d-nb.info/gnd/4159676-6</subfield>
      <subfield code="a">Herzog</subfield>
      <subfield code="4">adel</subfield>
      <subfield code="4">https://d-nb.info/standards/elementset/gnd#titleOfNobility</subfield>
      <subfield code="w">r</subfield>
      <subfield code="i">Adelstitel</subfield>
    </datafield>
    <datafield tag="550" ind1=" " ind2=" ">
      <subfield code="0">(DE-101)040004643</subfield>
      <subfield code="0">(DE-588)4000464-8</subfield>
      <subfield code="0">https://d-nb.info/gnd/4000464-8</subfield>
      <subfield code="a">Adel</subfield>
      <subfield code="4">obin</subfield>
      <subfield code="4">https://d-nb.info/standards/elementset/gnd#broaderTermInstantial</subfield>
      <subfield code="w">r</subfield>
      <subfield code="i">Oberbegriff instantiell</subfield>
    </datafield>
    <datafield tag="551" ind1=" " ind2=" ">
      <subfield code="0">(DE-101)040014096</subfield>
      <subfield code="0">(DE-588)4001409-5</subfield>
      <subfield code="0">https://d-nb.info/gnd/4001409-5</subfield>
      <subfield code="a">Altenburg</subfield>
      <subfield code="g">Thüringen</subfield>
      <subfield code="4">ortg</subfield>
      <subfield code="4">https://d-nb.info/standards/elementset/gnd#placeOfBirth</subfield>
      <subfield code="w">r</subfield>
      <subfield code="i">Geburtsort</subfield>
    </datafield>
    <datafield tag="551" ind1=" " ind2=" ">
      <subfield code="0">(DE-101)040216527</subfield>
      <subfield code="0">(DE-588)4021652-4</subfield>
      <subfield code="0">https://d-nb.info/gnd/4021652-4</subfield>
      <subfield code="a">Gotha</subfield>
      <subfield code="4">orts</subfield>
      <subfield code="4">https://d-nb.info/standards/elementset/gnd#placeOfDeath</subfield>
      <subfield code="w">r</subfield>
      <subfield code="i">Sterbeort</subfield>
    </datafield>
    <datafield tag="667" ind1=" " ind2=" ">
      <subfield code="a">7</subfield>
    </datafield>
    <datafield tag="667" ind1=" " ind2=" ">
      <subfield code="a">12</subfield>
    </datafield>
    <datafield tag="667" ind1=" " ind2=" ">
      <subfield code="a">VD-17</subfield>
    </datafield>
    <datafield tag="667" ind1=" " ind2=" ">
      <subfield code="a">3</subfield>
    </datafield>
    <datafield tag="667" ind1=" " ind2=" ">
      <subfield code="a">VD-18</subfield>
    </datafield>
    <datafield tag="670" ind1=" " ind2=" ">
      <subfield code="a">Europ. Stammtafeln Bd. I, 158</subfield>
    </datafield>
    <datafield tag="670" ind1=" " ind2=" ">
      <subfield code="a">Supellex epistolica Uffenbachii et Wolfiorum = Katalog der Uffenbach-Wolfschen Briefsammlung / hrsg. u. bearb. von Nilüfer Krüger. - Hamburg : Hauswedell, 1978. 2 Bde. - (Katalog der Handschriften der Staats- und Universitätsbibliothek Hamburg ; 8)</subfield>
    </datafield>
    <datafield tag="670" ind1=" " ind2=" ">
      <subfield code="a">NDB/ADB</subfield>
      <subfield code="u">https://www.deutsche-biographie.de/gnd118530887.html#ndbcontent</subfield>
    </datafield>
    <datafield tag="670" ind1=" " ind2=" ">
      <subfield code="a">Wikipedia</subfield>
      <subfield code="u">https://de.wikipedia.org/wiki/Ernst_I._(Sachsen-Gotha-Altenburg)</subfield>
    </datafield>
    <datafield tag="672" ind1=" " ind2="0">
      <subfield code="a">Gerichts- und Proceß-Ordnung. - s.a.</subfield>
    </datafield>
    <datafield tag="672" ind1=" " ind2="0">
      <subfield code="a">H.-Sachsen-Gothaische vermehrte u. verbesserte Gerichts- und Proceß-Ordnung. - Gotha, 1831</subfield>
    </datafield>
    <datafield tag="672" ind1=" " ind2="0">
      <subfield code="a">Bodinus, Johann Michael: Der uf das schwartze Gewitter wieder fröhlich erlebte Sonnenschein</subfield>
      <subfield code="f">1672</subfield>
    </datafield>
    <datafield tag="672" ind1=" " ind2="0">
      <subfield code="a">Special- und sonderbahrer bericht wie ... die Knaben und mägdlein ... kurtz und nützlich unterrichtet werden können und sollen</subfield>
      <subfield code="f">1883</subfield>
    </datafield>
    <datafield tag="672" ind1=" " ind2="0">
      <subfield code="a">F. Sächsische revidirte u. vermehrte Landes-Ordnung ..</subfield>
      <subfield code="f">1653</subfield>
    </datafield>
    <datafield tag="672" ind1=" " ind2="0">
      <subfield code="a">Ernsten, H. zu Sachsen, gemeine Fewer-Ordnun*</subfield>
      <subfield code="f">1651</subfield>
    </datafield>
    <datafield tag="672" ind1=" " ind2="0">
      <subfield code="a">Testament</subfield>
      <subfield code="f">1654</subfield>
    </datafield>
    <datafield tag="672" ind1=" " ind2="0">
      <subfield code="a">Ordnungen, das Kirchen- u. Schulwesen betreffende ..</subfield>
      <subfield code="f">1685</subfield>
    </datafield>
    <datafield tag="672" ind1=" " ind2="0">
      <subfield code="a">Der Schulmethodus des Herzogs Ernst des Frommen</subfield>
      <subfield code="f">1912</subfield>
    </datafield>
    <datafield tag="672" ind1=" " ind2="0">
      <subfield code="a">Ordnungen, das Kirchen- und Schulwesen betre*</subfield>
    </datafield>
    <datafield tag="672" ind1=" " ind2="0">
      <subfield code="a">Gerichts- und Proceß-Ordnung. - s.a</subfield>
    </datafield>
    <datafield tag="672" ind1=" " ind2="0">
      <subfield code="a">Gerichts- u. Proceß-Ordnung</subfield>
    </datafield>
    <datafield tag="672" ind1=" " ind2="0">
      <subfield code="a">Sachsen-Gothaische vermehrte u. verbesserte Gerichts- und Proceß-Ordnung. - Gotha, 1831</subfield>
    </datafield>
    <datafield tag="675" ind1=" " ind2=" ">
      <subfield code="a">LoC-NA 3.5.99</subfield>
    </datafield>
    <datafield tag="678" ind1=" " ind2=" ">
      <subfield code="b">Herzog von Sachsen-Gotha ab 1640, ab 1672 auch von Sachsen-Altenburg</subfield>
    </datafield>
    <datafield tag="913" ind1=" " ind2=" ">
      <subfield code="S">pnd</subfield>
      <subfield code="i">5</subfield>
      <subfield code="a">Ernst &lt;Sachsen-Gotha-Altenburg, Herzog, I.&gt;</subfield>
      <subfield code="0">(DE-588a)118530887</subfield>
    </datafield>
  </record>
